<collection xmlns="http://www.loc.gov/MARC21/slim">
   <record>
      <leader>03872nam a2200433 i 4500</leader>
      <controlfield tag="001">6812763</controlfield>
      <controlfield tag="003">FlBoTFG</controlfield>
      <controlfield tag="005">20150218112339.0</controlfield>
      <controlfield tag="006">m|||||o||d||||||||</controlfield>
      <controlfield tag="007">cr||||</controlfield>
      <controlfield tag="008">150218t20152015fluadf  ob    001 0 eng d</controlfield>
      <datafield ind1=" " ind2=" " tag="020">
         <subfield code="a">9781466599239 (e-book : PDF)</subfield>
      </datafield>
      <datafield ind1=" " ind2=" " tag="035">
         <subfield code="a">ocn897882835</subfield>
      </datafield>
      <datafield ind1=" " ind2=" " tag="039">
         <subfield code="a">exclude</subfield>
      </datafield>
      <datafield ind1=" " ind2=" " tag="040">
         <subfield code="a">FlBoTFG</subfield>
         <subfield code="b">eng</subfield>
         <subfield code="c">FlBoTFG</subfield>
         <subfield code="e">rda</subfield>
         <subfield code="d">AEU</subfield>
      </datafield>
      <datafield ind1=" " ind2="4" tag="050">
         <subfield code="a">QP376</subfield>
         <subfield code="b">.E53 2015</subfield>
      </datafield>
      <datafield ind1=" " ind2=" " tag="090">
         <subfield code="a">Internet Access</subfield>
         <subfield code="b">AEU</subfield>
      </datafield>
      <datafield ind1="0" ind2="0" tag="245">
         <subfield code="a">Endothelial cell plasticity in the normal and injured central nervous system /</subfield>
         <subfield code="c">editors, Esperanza Meléndez Herrera, Profesor e Investigador Titular A, Laboratorio de Eco-fisiología Animal Departamento de Zoología Instituto de Investigaciones Sobre los Recursos Naturales Universidad Michoacana de San Nicolas de Hidalgo (UMSNH) Morelia, Michoacán México; Bryan V. Phillips-Farfán, Investigador en Ciencias Médicas C Laboratorio de Nutrición Experimental Instituto Nacional de Pediatría Coyoacán, D.F. México; Gabriel Gutiérrez Ospina Investigador, Titular B Instituto de Investigaciones Biomédicas Universidad Nacional Autónoma de México (UNAM) Coyoacán, D.F. México.</subfield>
      </datafield>
      <datafield ind1=" " ind2="1" tag="264">
         <subfield code="a">Boca Raton :</subfield>
         <subfield code="b">CRC Press,</subfield>
         <subfield code="c">[2015]</subfield>
      </datafield>
      <datafield ind1=" " ind2="4" tag="264">
         <subfield code="c">©2015</subfield>
      </datafield>
      <datafield ind1=" " ind2=" " tag="300">
         <subfield code="a">1 online resource.</subfield>
      </datafield>
      <datafield ind1=" " ind2=" " tag="336">
         <subfield code="a">text</subfield>
         <subfield code="b">txt</subfield>
         <subfield code="2">rdacontent</subfield>
         <subfield code="0">http://id.loc.gov/vocabulary/contentTypes/txt</subfield>
      </datafield>
      <datafield ind1=" " ind2=" " tag="337">
         <subfield code="a">computer</subfield>
         <subfield code="b">c</subfield>
         <subfield code="2">rdamedia</subfield>
         <subfield code="0">http://id.loc.gov/vocabulary/mediaTypes/c</subfield>
      </datafield>
      <datafield ind1=" " ind2=" " tag="338">
         <subfield code="a">online resource</subfield>
         <subfield code="b">cr</subfield>
         <subfield code="2">rdacarrier</subfield>
         <subfield code="0">http://id.loc.gov/vocabulary/carriers/cr</subfield>
      </datafield>
      <datafield ind1=" " ind2=" " tag="500">
         <subfield code="a">"A Science Publishers Book."</subfield>
      </datafield>
      <datafield ind1=" " ind2=" " tag="504">
         <subfield code="a">Includes bibliographical references and index.</subfield>
      </datafield>
      <datafield ind1="0" ind2=" " tag="505">
         <subfield code="a">Early development of the vascular system supplying the brain / Bryan V. Phillips-Farfán, Alma Lilia Fuentes Farías, Gabriel Gutiérrez Ospina, and Esperanza Meléndez Herrera -- Endothelial cell heterogeneity and maintenance of neurogenic niches during development and adult life / Dannia Colín Castelán -- Neuronal-glial-endothelial interactions regulate central nervous system homeostasis / Beatriz Gómez-Gónzalez, Adrian M. Cabañas-Morales, Gabriela Hurtado-Alvarado and Javier Velázquez-Moctezuma -- Dynamic control of neural reproductive centers by endothelial cells / Charlotte Vanacker, Ariane Sharif, and Vincent Prévot -- Alterations of cerebral endothelial cells in drug-resistant epilepsy : drug transporters / Cecilia Zavala-Tecuapetla and Liliana Carmona-Aparicio -- Angiogenesis during tumor proliferation and cell invasion / América Vanoye Carlo, Gisela Gómez Lira, Julieta G. Mendoza Torreblanca, and Oscar A. Pérez González -- Microvascular dysfunction after spinal cord injury / Humberto Mestre and Antonio Ibarra -- Blood vessel remodeling after stroke / Gabriela Moralí and Miguel Cervantes -- Impairment of energy metabolism and vascular function in Alzheimer's disease / Victoria Campos Peña, Bryan V. Phillips Farfán and Karla G. Carvajal Aguilera.</subfield>
      </datafield>
      <datafield ind1=" " ind2=" " tag="506">
         <subfield code="a">Access restricted to authorized users and institutions.</subfield>
      </datafield>
      <datafield ind1=" " ind2=" " tag="596">
         <subfield code="a">44</subfield>
      </datafield>
      <datafield ind1=" " ind2="0" tag="650">
         <subfield code="a">Brain</subfield>
         <subfield code="x">Physiology.</subfield>
         <subfield code="0">http://id.loc.gov/authorities/subjects/sh2007102128</subfield>
      </datafield>
      <datafield ind1=" " ind2="7" tag="655">
         <subfield code="a">Electronic books.</subfield>
         <subfield code="2">lcsh</subfield>
         <subfield code="0">http://id.loc.gov/authorities/subjects/sh93007047</subfield>
      </datafield>
      <datafield ind1="1" ind2=" " tag="700">
         <subfield code="a">Meléndez Herrera, Esperanza,</subfield>
         <subfield code="e">editor.</subfield>
         <subfield code="0">http://id.loc.gov/authorities/names/n2014186591</subfield>
      </datafield>
      <datafield ind1="1" ind2=" " tag="700">
         <subfield code="a">Phillips-Farfán, Bryan V.,</subfield>
         <subfield code="e">editor.</subfield>
         <subfield code="0">http://id.loc.gov/authorities/names/n2014186592</subfield>
      </datafield>
      <datafield ind1="1" ind2=" " tag="700">
         <subfield code="a">Gutiérrez Ospina, Gabriel,</subfield>
         <subfield code="e">editor.</subfield>
         <subfield code="0">http://id.loc.gov/authorities/names/n2014186593</subfield>
      </datafield>
      <datafield ind1=" " ind2=" " tag="758">
         <subfield code="0">http://worldcat.org/entity/work/id/1073209867</subfield>
      </datafield>
      <datafield ind1="0" ind2=" " tag="787">
         <subfield code="n">OCLC Work Id</subfield>
         <subfield code="o">http://worldcat.org/entity/work/id/1073209867</subfield>
      </datafield>
      <datafield ind1="4" ind2="0" tag="856">
         <subfield code="3">University of Alberta Access</subfield>
         <subfield code="u">http://marc.crcnetbase.com/isbn/9781466599239</subfield>
         <subfield code="z">(Unlimited Concurrent Users)</subfield>
      </datafield>
      <datafield ind1=" " ind2=" " tag="949">
         <subfield code="h">UAIN</subfield>
         <subfield code="z">CRC</subfield>
      </datafield>
      <datafield ind1=" " ind2=" " tag="926">
         <subfield code="a">Internet Access</subfield>
         <subfield code="w">LC</subfield>
         <subfield code="c">1</subfield>
         <subfield code="i">6812763-1001</subfield>
         <subfield code="l">INTERNET</subfield>
         <subfield code="m">UAINTERNET</subfield>
         <subfield code="r">Y</subfield>
         <subfield code="s">Y</subfield>
         <subfield code="t">E-RESOURCE</subfield>
         <subfield code="u">2/26/2015</subfield>
         <subfield code="x">E-BOOK</subfield>
         <subfield code="z">CRC</subfield>
      </datafield>
   </record>
</collection>
